@phdthesis{Abbate2021KDSource,
  author = {Abbate, Osiris Inti},
  title = {KDSource: Desarrollo de una herramienta computacional para el cálculo de blindajes},
  school = {Instituto Balseiro},
  year = {2021},
  type = {Tesis de Maestría},
  address = {Centro Atómico Bariloche},
}

@mastersthesis{Fox2022KDE,
  author = {Fox, Francisco},
  title = {Optimización de algoritmos de estimación de densidades para el cálculo de haces de neutrones y fotones},
  school = {Instituto Balseiro},
  year = {2022},
  type = {Proyecto Integrador de Ingeniería Nuclear},
  address = {Centro Atómico Bariloche},
}

@mastersthesis{Gimenez2024KDSourceOpenMC,
  author = {Giménez, Matías Agustín},
  title = {Implementación de muestreo on-the-fly en el código KDSource},
  school = {Instituto Balseiro},
  year = {2024},
  type = {Proyecto Integrador de Ingeniería Nuclear},
  address = {Centro Atómico Bariloche},
}

@article{Schmidt2022KDSourcePaper,
  author = {Schmidt, Norberto and Abbate, Osiris I. and Prieto, Zoe M. and Robledo, Joaquín I. and Márquez, José I. and Márquez, Ariel A. and Dawidowski, Javier},
  title = {KDSource, a tool for the generation of Monte Carlo particle sources using kernel density estimation},
  journal = {Annals of Nuclear Energy},
  volume = {177},
  pages = {109309},
  year = {2022},
  doi = {10.1016/j.anucene.2022.109309},
}

@mastersthesis{Abbate2020Hist,
  author = {Abbate, Osiris Inti},
  title = {Cálculo de blindajes mediante fuentes de distribución en McStas y Tripoli},
  school = {Instituto Balseiro},
  year = {2020},
  type = {Proyecto Integrador de Ingeniería Nuclear},
  address = {Centro Atómico Bariloche},
}

@mastersthesis{Ayala2019Hist,
  author = {Ayala, Jonathan E.},
  title = {Implementación de una línea de cálculo basada en el código TRIPOLI a problemas de blindaje del reactor RA-10},
  school = {Instituto Balseiro},
  year = {2019},
  type = {Proyecto Integrador de Ingeniería Nuclear},
  address = {Centro Atómico Bariloche},
}

@mastersthesis{Fairhurst2017Hist,
  author = {Fairhurst Agosta, Roberto},
  title = {Cálculo neutrónico detallado de haces y guías de neutrones del reactor RA-10},
  school = {Instituto Balseiro},
  year = {2017},
  type = {Proyecto Integrador de Ingeniería Nuclear},
  address = {Centro Atómico Bariloche},
}

@misc{OpenMC2024,
  title        = {{OpenMC}: Monte Carlo Code for Nuclear Simulation},
  year         = {2025},
  howpublished = {\url{https://openmc.org/}},
  note         = {Último acceso: mayo de 2025}
}

@misc{KDSource2024,
  title        = {Documentación oficial de {KDSource}},
  year         = {2024},
  howpublished = {\url{https://kdsource.readthedocs.io/en/latest/index.html}},
  note         = {Último acceso: mayo de 2025}
}

@misc{MCPL2024,
  title        = {{MCPL}: Monte Carlo Particle Lists},
  year         = {2025},
  howpublished = {\url{https://mctools.github.io/mcpl/}},
  note         = {Último acceso: mayo de 2025}
}

@misc{HDF5_2025,
  title        = {HDF5®: The Hierarchical Data Format},
  year         = {2025},
  howpublished = {\url{https://docs.hdfgroup.org/archive/support/HDF5/doc/index.html}},
  note         = {Último acceso: mayo de 2025}
}

@misc{XML2025,
  title        = {Extensible Markup Language (XML) 1.0 (Fifth Edition)},
  year         = {2008},
  howpublished = {\url{https://www.w3.org/TR/xml/}},
  note         = {Último acceso: mayo de 2025}
}















@INCOLLECTION{Laricch2009AAMOP_ICBp3,
  author = { Laricchia, G. and  Armitage, S. and  K\"{o}ver, \'{A}. and  Murtagh, D.
      J.},
  title = {Ionizing Collisions by Positrons and Positronium Impact on the Inert
      Atoms},
  year = {2009},
  volume = {56},
  booktitle = {Advances in Atomic, Molecular and Optical Physics},
  publisher = {Academic Press, Inc.},
  pages = {3},
}
           
@INCOLLECTION{Briggs1991AAMOP_TTOp1,
  author = { Briggs, J. S. and  Macek, J. H.},
  editor = { Briggs, J. S. and  Macek, J. H.},
  title = {The theory of fast ion-atom collisions},
  year = {1991},
  volume = {28},
  booktitle = {Advances in Atomic, Molecular and Optical Physics},
  publisher = {Academic Press, Inc.},
  pages = {1-74},
}

@ARTICLE{Bohm1952PRp166,
  author = { Bohm, David},
  title = {A Suggested Interpretation of the Quantum Theory in Terms of ``{Hidden}"
      Variables. {I}},
  journal = {Physical Review},
  year = {1952},
  volume = {85},
  pages = {166-179},
}

@ARTICLE{Bohm1952PRp180,
  author = { Bohm, David},
  title = {A Suggested Interpretation of the Quantum Theory in Terms of ``{Hidden}"
      Variables. {II}},
  journal = {Physical Review},
  year = {1952},
  volume = {85},
  pages = {180-193},
}

@ARTICLE{Bohr1913PMp10,
  author = { Bohr, N.},
  journal = {Phil. Mag.},
  year = {1913},
  volume = {25},
  pages = {10},
}

@ARTICLE{Philipp1982NCBSp75,
  author = { Philippidis, C. and  Bohm, D. and  Kaye, R. D.},
  title = {{The Aharonov-Bohm effect and the quantum potential}},
  journal = {Nuovo Cimento B Serie},
  year = {1982},
  volume = {71},
  pages = {75-88},
}

@article{Hunter07CSE,
        Address = {10662 LOS VAQUEROS CIRCLE, PO BOX 3014, LOS ALAMITOS, CA 90720-1314 USA},
        Author = {Hunter, John D.},
        Date-Added = {2010-09-23 12:22:10 -0700},
        Date-Modified = {2010-09-23 12:22:10 -0700},
        Isi = {000245668100019},
        Isi-Recid = {155389429},
        Journal = {Computing In Science \& Engineering},
        Month = {May-Jun},
        Number = {3},
        Pages = {90--95},
        Publisher = {IEEE COMPUTER SOC},
        Times-Cited = {21},
        Title = {Matplotlib: A 2D graphics environment},
        Type = {Editorial Material},
        Volume = {9},
        Year = {2007},
        Abstract = {Matplotlib is a 2D graphics package used for Python for application
                    development, interactive scripting, and publication-quality image
                    generation across user interfaces and operating systems.},
        Bdsk-Url-1 = {http://gateway.isiknowledge.com/gateway/Gateway.cgi?GWVersion=2&SrcAuth=Alerting&SrcApp=Alerting&DestApp=WOS&DestLinkType=FullRecord;KeyUT=000245668100019}}


